@article{Notz2009,
author = {Notz, Dirk and Worster, M. Grae},
doi = {10.1029/2008JC004885},
issn = {0148-0227},
journal = {Journal of Geophysical Research},
month = may,
number = {C5},
pages = {C05006},
title = {{Desalination processes of sea ice revisited}},
url = {http://doi.wiley.com/10.1029/2008JC004885},
volume = {114},
year = {2009}
}
@article{Huppert,
author = {Huppert, Herbert E and Worster, M Grae},
file = {:C$\backslash$:/Users/Jamie/AppData/Local/Mendeley Ltd./Mendeley Desktop/Downloaded/Huppert, Worster - Unknown - No Title.pdf:pdf},
pages = {1--19},
title = {{No Title}}
}
@article{schulze-worster-98,
author = {Schulze, T and Worster, M G},
journal = {J. Fluid Mech.},
pages = {199--220},
title = {{A numerical investigation of steady convection in mushy layers during the directional solidification of binary alloys}},
volume = {356},
year = {1998}
}
@article{emms-fowler-94,
author = {Emms, P W and Fowler, A C},
journal = {J. Fluid Mech.},
pages = {111--139},
title = {{Compositional convection in the solidification of binary alloys}},
volume = {262},
year = {1994}
}
@article{wells-et-al-13,
author = {Wells, A J and Wettlaufer, J S and Orzsag, S A},
doi = {10.1017/jfm.2012.541},
file = {:C$\backslash$:/Users/Jamie/AppData/Local/Mendeley Ltd./Mendeley Desktop/Downloaded/Wells, Wettlaufer, Orzsag - 2013 - Nonlinear mushy-layer convection with chimneys stability and optimal solute fluxes.pdf:pdf},
journal = {J. Fluid Mech.},
pages = {203--227},
title = {{Nonlinear mushy-layer convection with chimneys: stability and optimal solute fluxes}},
url = {http://dx.doi.org/10.1017/jfm.2012.541},
volume = {716},
year = {2013}
}
@article{caltagirone-75,
author = {Caltagirone, J P},
file = {:C$\backslash$:/Users/Jamie/AppData/Local/Mendeley Ltd./Mendeley Desktop/Downloaded/Caltagirone - 1975 - Thermoconvective instabilities in a horizontal porous layer.pdf:pdf},
journal = {J. Fluid Mech.},
number = {2},
pages = {269--287},
title = {{Thermoconvective instabilities in a horizontal porous layer}},
volume = {72},
year = {1975}
}
@article{horton-rogers-45,
author = {Horton, C W and Rogers, F T},
journal = {J. Appl. Phys.},
pages = {367--370},
title = {{Convection currents in a porous medium}},
volume = {16},
year = {1945}
}
@article{Schulze1998,
author = {Schulze, T. P. and Worster, M. Grae},
doi = {10.1017/S0022112097007878},
file = {:C$\backslash$:/Users/Jamie/AppData/Local/Mendeley Ltd./Mendeley Desktop/Downloaded/Schulze, Worster - 1998 - A numerical investigation of steady convection in mushy layers during the directional solidification of binary.pdf:pdf},
issn = {00221120},
journal = {Journal of Fluid Mechanics},
pages = {199--220},
title = {{A numerical investigation of steady convection in mushy layers during the directional solidification of binary alloys}},
volume = {356},
year = {1998}
}
@article{Petrich2010,
author = {Petrich, Chris and Eicken, Hajo},
doi = {10.1002/9781444317145.ch2},
file = {:C$\backslash$:/Users/Jamie/AppData/Local/Mendeley Ltd./Mendeley Desktop/Downloaded/Petrich, Eicken - 2010 - Growth, Structure and Properties of Sea Ice.pdf:pdf},
isbn = {9781405185806},
journal = {Sea Ice},
pages = {23--78},
title = {{Growth, Structure and Properties of Sea Ice}},
year = {2010}
}
@article{peaceman-rachford-55,
author = {Peaceman, D W and {Rachford Jr.}, H H},
doi = {10.1137/0103003},
journal = {Journal of the Society for Industrial and Applied Mathematics},
number = {1},
pages = {28--41},
title = {{The numerical solution of parabolic and elliptic differential equations}},
url = {http://dx.doi.org/10.1137/0103003},
volume = {3},
year = {1955}
}
@article{schulze-worster-99,
author = {Schulze, T P and Worster, M G},
journal = {J. Fluid Mech.},
pages = {197--215},
title = {{Weak convection, liquid inclusions and the formation of chimneys in mushy layers}},
volume = {388},
year = {1999}
}
@article{cavalieri-parkinson-12,
author = {Cavalieri, D J and Parkinson, C L},
doi = {10.5194/tc-6-881-2012},
journal = {The Cryosphere},
pages = {881--889},
title = {{Arctic sea ice variability and trends, 1979â€“2010}},
url = {http://dx.doi.org/10.5194/tc-6-881-2012},
volume = {6},
year = {2012}
}
@phdthesis{hewitt-2014,
author = {Hewitt, D R},
file = {:C$\backslash$:/Users/Jamie/AppData/Local/Mendeley Ltd./Mendeley Desktop/Downloaded/Hewitt - 2014 - High Rayleigh Number Convection in a Porous Medium.pdf:pdf},
school = {Department of Applied Mathematics and Theoretical Physics, University of Cambridge},
title = {{High Rayleigh Number Convection in a Porous Medium}},
year = {2014}
}
@misc{frozen-planet-11,
annote = {First broadcast at 21:00 GMT on Wednesday, 23 November 2011 on BBC One},
author = {BBC},
howpublished = {Television},
title = {{Frozen Planet}}
}
@article{notz-worster-09,
author = {Notz, D and Worster, M G},
doi = {10.1029/2008JC004885},
file = {:C$\backslash$:/Users/Jamie/Documents/Oxford/Papers/Notz\_et\_al-2009-Journal\_of\_Geophysical\_Research-\_Oceans\_(1978-2012).pdf:pdf},
journal = {J. Geophys. Res.},
title = {{Desalination processes of sea ice revisited}},
url = {http://dx.doi.org/10.1029/2008JC004885},
volume = {114},
year = {2009}
}
@article{wettlaufer-et-al-00,
author = {Wettlaufer, J S and Worster, M G and Huppert, H E},
journal = {J. Geophys. Res.},
pages = {1123--1134},
title = {{The solidification of leads: theory, experiment and Field observations}},
volume = {105},
year = {2000}
}
@article{ReesJones2013,
author = {{Rees Jones}, D. W. and Worster, M. Grae},
doi = {10.1017/jfm.2012.462},
file = {:C$\backslash$:/Users/Jamie/AppData/Local/Mendeley Ltd./Mendeley Desktop/Downloaded/Rees Jones, Worster - 2013 - Fluxes through steady chimneys in a mushy layer during binary alloy solidification.pdf:pdf},
issn = {0022-1120},
journal = {Journal of Fluid Mechanics},
keywords = {convection in porous media,melting,sea ice,solidification},
pages = {127--151},
title = {{Fluxes through steady chimneys in a mushy layer during binary alloy solidification}},
url = {http://www.journals.cambridge.org/abstract\_S0022112012004624},
volume = {714},
year = {2013}
}
@article{rees-jones-worster-13,
author = {{Rees Jones}, D W and Worster, M G},
journal = {J. Fluid Mech.},
pages = {127--151},
title = {{Fluxes through steady chimneys in a mushy layer during binary alloy solidification}},
volume = {714},
year = {2013}
}
@phdthesis{young-50,
author = {Young, D M},
school = {Harvard University},
title = {{Iterative methods for solving partial difference equations of elliptical type}},
year = {1950}
}
@article{chung-worster-02,
author = {Chung, C A and Worster, M G},
file = {:C$\backslash$:/Users/Jamie/AppData/Local/Mendeley Ltd./Mendeley Desktop/Downloaded/Chung, Worster - 2002 - Steady-state chimneys in a mushy layer.pdf:pdf},
journal = {J. Fluid Mech.},
pages = {387--411},
title = {{Steady-state chimneys in a mushy layer}},
volume = {455},
year = {2002}
}
@misc{fetterer-02,
annote = {Boulder, Colorado USA: National Snow and Ice Data Center},
author = {Fetterer, F and Knowles, K and Meier, W and Savoie, M},
howpublished = {Digital media},
title = {{Sea Ice Index}}
}
@incollection{petrich-eicken-10,
author = {Petrich, C and Eicken, H},
booktitle = {Sea Ice},
editor = {Thomas, D N and Dieckmann, G S},
pages = {23--78},
publisher = {Wiley-Blackwell},
title = {{Growth, structure and properties of sea ice}},
year = {2010}
}
@incollection{brandon-et-al-10,
author = {Brandon, M A and Cottier, F R and Nilsen, F},
booktitle = {Sea Ice},
editor = {Thomas, D N and Dieckmann, G S},
pages = {79--112},
publisher = {Wiley-Blackwell},
title = {{Sea ice and oceanography}},
year = {2010}
}
@article{wells-et-al-10,
author = {Wells, A J and Wettlaufer, J S and Orzsag, S A},
doi = {10.1103/PhysRevLett.105.254502},
journal = {Phys. Rev. Lett.},
title = {{Maximal potential energy transport: a variational principle for solidification problems}},
url = {http://dx.doi.org/10.1103/PhysRevLett.105.254502},
volume = {105},
year = {2010}
}
@article{wettlaufer-et-al-97,
author = {Wettlaufer, J S and Worster, M G and Huppert, H E},
journal = {J. Fluid Mech.},
pages = {291--316},
title = {{Natural convection during solidification of an alloy from above with application to the evolution of sea ice}},
volume = {344},
year = {1997}
}
@article{worster-97,
author = {Worster, M G},
file = {:C$\backslash$:/Users/Jamie/AppData/Local/Mendeley Ltd./Mendeley Desktop/Downloaded/Worster - 1997 - Convection in mushy layers.pdf:pdf},
journal = {Annu. Rev. Fluid Mech.},
pages = {91--122},
title = {{Convection in mushy layers}},
volume = {29},
year = {1997}
}
@book{nield-bejan-06,
author = {Nield, D A and Bejan, A},
publisher = {Springer-Verlag},
title = {{Convection in Porous Media}},
year = {2006}
}
@article{lapwood-48,
author = {Lapwood, E R},
journal = {Proc. Camb. Phil. Soc.},
pages = {508--521},
title = {{Convection of a fluid in a porous medium}},
volume = {44},
year = {1948}
}
@article{Chung2002,
author = {Chung, C. A. and Worster, M. Grae},
doi = {10.1017/S0022112001007558},
file = {:C$\backslash$:/Users/Jamie/AppData/Local/Mendeley Ltd./Mendeley Desktop/Downloaded/Chung, Worster - 2002 - Steady-state chimneys in a mushy layer.pdf:pdf},
issn = {0022-1120},
journal = {Journal of Fluid Mechanics},
pages = {387--411},
title = {{Steady-state chimneys in a mushy layer}},
volume = {455},
year = {2002}
}
@article{Caltagirone1975,
author = {Caltagirone, J. P.},
doi = {10.1017/S0022112075003345},
file = {:C$\backslash$:/Users/Jamie/AppData/Local/Mendeley Ltd./Mendeley Desktop/Downloaded/Caltagirone - 1975 - Thermoconvective instabilities in a horizontal porous layer.pdf:pdf},
issn = {0022-1120},
journal = {Journal of Fluid Mechanics},
pages = {269},
title = {{Thermoconvective instabilities in a horizontal porous layer}},
volume = {72},
year = {1975}
}
@article{Zhong2012,
author = {Zhong, J.-Q. and Fragoso, A. T. and Wells, A. J. and Wettlaufer, J. S.},
doi = {10.1017/jfm.2012.219},
file = {:C$\backslash$:/Users/Jamie/Documents/Oxford/Papers/zhong-et-al-2012.pdf:pdf},
issn = {0022-1120},
journal = {Journal of Fluid Mechanics},
keywords = {buoyancy-driven instability,convection in porous media,solidification/melting},
language = {English},
month = jul,
pages = {89--108},
publisher = {Cambridge University Press},
title = {{Finite-sample-size effects on convection in mushy layers}},
url = {http://journals.cambridge.org/abstract\_S0022112012002194},
volume = {704},
year = {2012}
}
