@phdthesis{hewitt-14,
    author = "D. R. Hewitt",
    title = "High Rayleigh Number Convection in a Porous Medium",
    year = "2014",
    school="Department of Applied Mathematics and Theoretical Physics, University of Cambridge"
}

@phdthesis{young-50,
   author = "D. M. Young",
   title = "Iterative methods for solving partial difference equations of elliptical type",
   year = "1950",
   school = "Harvard University"
}
  
@article{chung-worster-02,
   author = "C. A. Chung and M. G. Worster",
   title = "Steady-state chimneys in a mushy layer",
   year = "2002",
   journal ="J. Fluid Mech.",
   volume="455",
   pages="387-411"
 }

@article{worster-97,
   author = "M. G. Worster",
   title = "Convection in mushy layers",
   year = "1997",
   journal ="Annu. Rev. Fluid Mech.",
   volume="29",
   pages="91-122"
}

@article{schulze-worster-98,
   author = "T. Schulze and M. G. Worster",
   title = "A numerical investigation of steady convection in mushy layers during the directional solidification of binary alloys",
   year = "1998",
   journal ="J. Fluid Mech.",
   volume="356",
   pages="199-220"
}

@article{wettlaufer-et-al-97,
   author = "J. S. Wettlaufer and M. G. Worster and H.E. Huppert",
   title = "Natural convection during solidification of an alloy from above with application to the evolution of sea ice",
   year = "1997",
   journal = "J. Fluid Mech.",
   volume = "344",
   pages = "291–316"
}

@incollection{brandon-et-al-10,
   author = "M. A. Brandon and F. R. Cottier and F. Nilsen",
   booktitle = "Sea Ice",
   editor = "D. N. Thomas and G. S. Dieckmann",
   title = "Sea ice and oceanography",
   year = "2010",
   publisher = "Wiley-Blackwell",
   pages = "79-112"
}

@book{nield-bejan-06,
   author = "D.A. Nield and A. Bejan",
   title = "Convection in Porous Media",
   publisher = "Springer-Verlag",
   year = "2006"
}

@incollection{petrich-eicken-10,
   author = "C. Petrich and H. Eicken",
   booktitle = "Sea Ice",
   editor = "D. N. Thomas and G. S. Dieckmann",
   title = "Growth, structure and properties of sea ice",
   year = "2010",
   publisher = "Wiley-Blackwell",
   pages = "23-78"
}

@article{notz-worster-09,
   author = "D. Notz and M.G. Worster",
   title = "Desalination processes of sea ice revisited",
   year = "2009",
   journal = "J. Geophys. Res.",
   volume = "114",
   doi = {10.1029/2008JC004885},
   url = {http://dx.doi.org/10.1029/2008JC004885}
}

@article{wettlaufer-et-al-00,
   author = "J. S. Wettlaufer and M. G. Worster and H.E. Huppert",
   title = "The solidification of leads: theory, experiment and Field observations ",
   year = "2000",
   journal = "J. Geophys. Res.",
   volume = "105",
   pages = "1123-1134"
}

@article{wells-et-al-10,
   author = "A. J. Wells and J. S. Wettlaufer and S. A. Orzsag",
   title = "Maximal potential energy transport: a variational principle for solidification problems",
   year = "2010",
   journal = "Phys. Rev. Lett.",
   volume = "105",
   doi = {10.1103/PhysRevLett.105.254502},
   url = {http://dx.doi.org/10.1103/PhysRevLett.105.254502}
}


@article{wells-et-al-13,
   author = "A. J. Wells and J. S. Wettlaufer and S. A. Orzsag",
   title = "Nonlinear mushy-layer convection with chimneys: stability and optimal solute fluxes",
   year = "2013",
   journal = "J. Fluid Mech.",
   volume = "716",
   pages = "203-227",
   doi = {10.1017/jfm.2012.541},
   url = {http://dx.doi.org/10.1017/jfm.2012.541}
}

@article{rees-jones-worster-13,
   author = "D. W. {Rees Jones} and M. G. Worster",
   title = "Fluxes through steady chimneys in a mushy layer during binary alloy solidification",
   year = "2013",
   journal = "J. Fluid Mech.",
   volume = "714",
   pages = "127–151"
}

@article{emms-fowler-94,
   author = "P. W. Emms and A. C. Fowler",
   title =  "Compositional convection in the solidification of binary alloys",
   year = "1994",
   journal = "J. Fluid Mech.",
   volume = "262",
   pages = "111-139"
}

@article{peaceman-rachford-55,
   author = "D. W. Peaceman and H. H. {Rachford Jr.}",
   title = "The numerical solution of parabolic and elliptic differential equations",
   year = "1955",
   journal = "Journal of the Society for Industrial and Applied Mathematics",
   volume = "3",
   number = "1",
   pages = "28-41",
   doi = {10.1137/0103003},
   url = {http://dx.doi.org/10.1137/0103003}
}

@article{caltagirone-75,
    author = "J. P. Caltagirone",
	title = "Thermoconvective instabilities in a horizontal porous layer",
	year = "1975",
	journal = "J. Fluid Mech.", 
	volume = "72",
	number = "2",
	pages = "269-287"
}

@article{horton-rogers-45,
   author = "C. W. Horton and F. T. Rogers",
   title = "Convection currents in a porous medium",
   year = "1945",
   journal = "J. Appl. Phys.",
   volume = "16",
   pages = "367-370"
}

@article{lapwood-48,
   author = "E. R. Lapwood",
   title = "Convection of a fluid in a porous medium",
   year = "1948",
   journal = "Proc. Camb. Phil. Soc.",
   volume = "44",
   pages = "508-521"
}

@article{schulze-worster-99,
   author = "T. P. Schulze and M. G. Worster",
   title = "Weak convection, liquid inclusions and the formation of chimneys in mushy layers",
   year = "1999",
   journal = "J. Fluid Mech.",
   volume = "388",
   pages = "197-215"
}

@article{cavalieri-parkinson-12,
    author = "D. J. Cavalieri and C. L. Parkinson",
	title = "Arctic sea ice variability and trends, 1979–2010",
	year = "2012",
	journal = "The Cryosphere",
	volume = "6",
	pages = "881-889",
	doi = {10.5194/tc-6-881-2012},
	url = {http://dx.doi.org/10.5194/tc-6-881-2012}
}

@misc{frozen-planet-11,
    author    = "BBC",
    title     = "Frozen Planet",
    howpublished = "Television",
    note     = "First broadcast at 21:00 GMT on Wednesday, 23 November 2011 on BBC One",
	year = "2011",
}

@misc{fetterer-02,
   author = "F. Fetterer and K. Knowles and W. Meier and M. Savoie",
   title = "Sea Ice Index",
   year = "{2002, updated daily}",
   howpublished = "Digital media",
   note = "Boulder, Colorado USA: National Snow and Ice Data Center"
}

@article{zhong-et-al-12,
author = {Zhong, J.-Q. and Fragoso, A. T. and Wells, A. J. and Wettlaufer, J. S.},
doi = {10.1017/jfm.2012.219},
file = {:C$\backslash$:/Users/Jamie/Documents/Oxford/Papers/zhong-et-al-2012.pdf:pdf},
issn = {0022-1120},
journal = {Journal of Fluid Mechanics},
keywords = {buoyancy-driven instability,convection in porous media,solidification/melting},
language = {English},
month = jul,
pages = {89--108},
publisher = {Cambridge University Press},
title = {{Finite-sample-size effects on convection in mushy layers}},
url = {http://journals.cambridge.org/abstract\_S0022112012002194},
volume = {704},
year = {2012}
}
